<?xml version="1.0" encoding="UTF-8"?><collection xmlns="http://www.loc.gov/MARC21/slim"><record><leader>00395nam--2200133-i-4500</leader><controlfield tag="001">000027975</controlfield><controlfield tag="002">20161230</controlfield><controlfield tag="005">20161230201037</controlfield><controlfield tag="008">060222s1000------------r-----000-0-eng-d</controlfield><datafield ind1=" " ind2=" " tag="080"><subfield code="a">517.951(043)</subfield></datafield><datafield ind1=" " ind2=" " tag="100"><subfield code="a">Laurent, Yves</subfield></datafield><datafield ind1=" " ind2=" " tag="245"><subfield code="a">Existance d`une solution a spectre singulier impose pour un classe d`operateur pseudo-differentiels. these</subfield></datafield><datafield ind1=" " ind2=" " tag="260"><subfield code="a">Paris, L`Univ., 1978. 33p</subfield></datafield><datafield ind1=" " ind2=" " tag="852"><subfield code="a">46435</subfield></datafield></record></collection>